<?xml version="1.0" encoding="UTF-8"?><collection xmlns="http://www.loc.gov/MARC21/slim"><record><leader>00347nam--2200121-i-4500</leader><controlfield tag="001">000047647</controlfield><controlfield tag="002">20161230</controlfield><controlfield tag="005">20161230201046</controlfield><controlfield tag="008">060222s1000------------r-----000-0-eng-d</controlfield><datafield ind1=" " ind2=" " tag="080"><subfield code="a">061.62(083.81)</subfield></datafield><datafield ind1=" " ind2=" " tag="245"><subfield code="a">The world of learning 1971-1972. vol.1. a-k (afganistan-kuwait)</subfield></datafield><datafield ind1=" " ind2=" " tag="260"><subfield code="a">London, Europa Publications Limited, 1972, 909p</subfield></datafield><datafield ind1=" " ind2=" " tag="852"><subfield code="a">D.1370</subfield></datafield></record></collection>